@book{Bird, place={Cambridge}, title={Thinking functionally with Haskell}, publisher={Cambridge University Press}, author={Bird, Richard}, year={2016}}

@book{lipovaca, place={San Francisco, CA}, title={Learn you a Haskell for great good!: a beginners guide}, publisher={No Starch Press}, author={Lipovača Miran}, year={2012}}

@book{comp, place={Australia}, title={Introduction to the theory of computation}, publisher={Course Technology Cengage Learning}, author={Sipser, Michael}, year={2013}}

@misc{python-re, title={6.2. re - Regular expression operations¶}, url={https://docs.python.org/3.5/library/re.html}, journal={6.2. re - Regular expression operations - Python 3.5.9 documentation}, publisher={Software Foundation Python}, author={Software Foundation Python}}

@book{mastering, place={Beijing}, title={Mastering regular expressions}, publisher={OReilly}, author={Friedl, Jeffrey E. F.}, year={2009}}

@misc{cox, title={Regular Expression Matching Can Be Simple And Fast (but is slow in Java, Perl, PHP, Python, Ruby, ...)}, url={https://swtch.com/~rsc/regexp/regexp1.html}, journal={Regular Expression Matching Can Be Simple And Fast}, publisher={Russ Cox}, author={Cox, Russ}, year={2007}, month={Jan}}

@misc{java8, url={https://www.oracle.com/technetwork/java/javase/8-whats-new-2157071.html}, title={What's New in JDK 8}, publisher={Oracle}, author={Oracle}}

@misc{stack-overflow, title={Stack Overflow Developer Survey 2019}, url={https://insights.stackoverflow.com/survey/2019}, journal={Stack Overflow}, publisher={Stack Overflow}, author={Overflow Stack}}

@book{matrix, place={Newton, MA}, title={Coding the matrix: linear algebra through applications to computer science}, publisher={Newtonian Press}, author={Klein, Philip N.}, year={2015}}
